@book{DeWitt:2000:EP:556015,
  author = {DeWitt, Bon A. and Wolf, Paul R.},
  title = {Elements of Photogrammetry(with Applications in GIS)},
  year = {2000},
  isbn = {0072924543},
  edition = {3rd},
  publisher = {McGraw-Hill Higher Education},
} 

